<record><leader>00000cas a2200000 a 4500</leader><controlfield tag="001">10336942</controlfield><controlfield tag="008">840125c19779999hiumr ne      0   a0jpn d</controlfield><datafield ind1=" " ind2=" " tag="010"><subfield code="a">sn 85047104 </subfield></datafield><datafield ind1=" " ind2=" " tag="040"><subfield code="a">HUH</subfield><subfield code="b">eng</subfield><subfield code="c">HUH</subfield><subfield code="d">HWN</subfield><subfield code="d">OCL</subfield><subfield code="d">OCLCQ</subfield><subfield code="d">OCLCF</subfield><subfield code="d">OCLCO</subfield><subfield code="d">OCLCQ</subfield></datafield><datafield ind1=" " ind2=" " tag="032"><subfield code="a">562150</subfield><subfield code="b">USPS</subfield></datafield><datafield ind1=" " ind2=" " tag="037"><subfield code="b">Hawaii Pacific Press, P.O. Box 3596, Honolulu, Hawaii 96811</subfield></datafield><datafield ind1="0" ind2=" " tag="041"><subfield code="a">jpn</subfield><subfield code="a">eng</subfield></datafield><datafield ind1=" " ind2=" " tag="042"><subfield code="a">msc</subfield></datafield><datafield ind1=" " ind2=" " tag="043"><subfield code="a">n-us-hi</subfield><subfield code="a">a-ja---</subfield></datafield><datafield ind1=" " ind2="4" tag="050"><subfield code="a">DU624.7.R9</subfield><subfield code="b">H38</subfield></datafield><datafield ind1="0" ind2="0" tag="245"><subfield code="a">Hawaii Pacific press.</subfield></datafield><datafield ind1="1" ind2="3" tag="246"><subfield code="a">Hawai Pashifikku puresu</subfield></datafield><datafield ind1=" " ind2=" " tag="260"><subfield code="a">Honolulu, Hawaii :</subfield><subfield code="b">Hawaii Pacific Press,</subfield><subfield code="c">1977-</subfield></datafield><datafield ind1=" " ind2=" " tag="300"><subfield code="a">volumes :</subfield><subfield code="b">illustrations ;</subfield><subfield code="c">41 cm</subfield></datafield><datafield ind1=" " ind2=" " tag="310"><subfield code="a">Monthly</subfield></datafield><datafield ind1=" " ind2=" " tag="336"><subfield code="a">text</subfield><subfield code="b">txt</subfield><subfield code="2">rdacontent</subfield></datafield><datafield ind1=" " ind2=" " tag="337"><subfield code="a">unmediated</subfield><subfield code="b">n</subfield><subfield code="2">rdamedia</subfield></datafield><datafield ind1=" " ind2=" " tag="338"><subfield code="a">volume</subfield><subfield code="b">nc</subfield><subfield code="2">rdacarrier</subfield></datafield><datafield ind1="0" ind2=" " tag="362"><subfield code="a">No. 1 (Nov. 30, 1977)-</subfield></datafield><datafield ind1=" " ind2=" " tag="521"><subfield code="a">For the Okinawan community: "A bridge between the issei and the younger generations."</subfield></datafield><datafield ind1=" " ind2=" " tag="546"><subfield code="a">In Japanese; beginning with no. 70 (Sept. 1, 1983) has also section in English.</subfield></datafield><datafield ind1=" " ind2="0" tag="650"><subfield code="a">Ryukyuans</subfield><subfield code="z">Hawaii</subfield><subfield code="v">Newspapers.</subfield></datafield><datafield ind1=" " ind2="0" tag="650"><subfield code="a">Japanese Americans</subfield><subfield code="z">Hawaii</subfield><subfield code="v">Newspapers.</subfield></datafield><datafield ind1=" " ind2="0" tag="651"><subfield code="a">Hawaii</subfield><subfield code="v">Newspapers.</subfield></datafield><datafield ind1=" " ind2="0" tag="651"><subfield code="a">Okinawa-ken (Japan)</subfield><subfield code="v">Newspapers.</subfield></datafield><datafield ind1=" " ind2="7" tag="650"><subfield code="a">Japanese Americans.</subfield><subfield code="2">fast</subfield><subfield code="0">(OCoLC)fst00981441</subfield></datafield><datafield ind1=" " ind2="7" tag="650"><subfield code="a">Ryukyuans.</subfield><subfield code="2">fast</subfield><subfield code="0">(OCoLC)fst01102666</subfield></datafield><datafield ind1=" " ind2="7" tag="651"><subfield code="a">Hawaii.</subfield><subfield code="2">fast</subfield><subfield code="0">(OCoLC)fst01208724</subfield></datafield><datafield ind1=" " ind2="7" tag="651"><subfield code="a">Japan</subfield><subfield code="z">Okinawa-ken.</subfield><subfield code="2">fast</subfield><subfield code="0">(OCoLC)fst01207860</subfield></datafield><datafield ind1=" " ind2="7" tag="655"><subfield code="a">Newspapers.</subfield><subfield code="2">fast</subfield><subfield code="0">(OCoLC)fst01423814</subfield></datafield><datafield ind1=" " ind2=" " tag="752"><subfield code="a">United States</subfield><subfield code="b">Hawaii</subfield><subfield code="c">Honolulu</subfield><subfield code="d">Honolulu.</subfield></datafield><datafield ind1="1" ind2=" " tag="029"><subfield code="a">AU@</subfield><subfield code="b">000015723734</subfield></datafield><datafield ind1="1" ind2=" " tag="029"><subfield code="a">AU@</subfield><subfield code="b">000020380205</subfield></datafield></record>